@Article{albiero2022swarm,
  author     = {Albiero, Daniel and Garcia, Angel Pontin and Umezu, Claudio Kiyoshi and de Paulo, Rodrigo Leme},
  journal    = {Computers and Electronics in Agriculture},
  title      = {Swarm robots in mechanized agricultural operations: a review about challenges for research},
  year       = {2022},
  pages      = {106608},
  volume     = {193},
  comment    = {2.14情人节
我是为了找找蜂群方面的综述而读的这篇。
太农业应用倾向了，和我的这个基于通讯协议的思路不太相符。
读读他提到的一些其他东西:},
  publisher  = {Elsevier},
  ranking    = {rank1},
  readstatus = {skimmed},
}

@Comment{jabref-meta: databaseType:bibtex;}
