%%%%%%%%%%%%%%%%%%%%
% Please add here all your references in
% BibTeX style
% see for example: https://www.overleaf.com/blog/532-creating-and-managing-bibliographies-with-bibtex-on-overleaf
%%%%%%%%%%%%%%%%%%%%

@InProceedin{STDMA,
  author     = {Gaugel, Tristan and Mittag, Jens and Hartenstein, Hannes and Papanastasiou, Stylianos and Ström, Erik G.},
  booktitle  = {2013 IEEE Vehicular Networking Conference},
  title      = {In-depth analysis and evaluation of Self-organizing TDMA},
  year       = {2013},
  pages      = {79-86},
  comment    = {对STDMA的解释},
  doi        = {10.1109/VNC.2013.6737593},
  ranking    = {rank5},
  readstatus = {read},
}

@Inbook{GridWorld,
author="Guillaume, Bouilly",
editor="Lee, Newton",
title="World Representation in Artificial Intelligence",
bookTitle="Encyclopedia of Computer Graphics and Games",
year="2020",
publisher="Springer International Publishing",
address="Cham",
pages="1--10",
isbn="978-3-319-08234-9",
doi="10.1007/978-3-319-08234-9_308-1",
url="https://doi.org/10.1007/978-3-319-08234-9_308-1"
}

@article{Paper_From_Supervisor,
  title={Scalable distributed model predictive control for constrained systems},
  author={Asadi, Elham Fatemeh and Richards, Arthur},
  journal={Automatica},
  volume={93},
  pages={407--414},
  year={2018},
  publisher={Elsevier}
}

@article{Robots2020,
  title={Discussion of two robots},
  author={Olivaw, Daneel  and Asimov, Isaac},
  journal={Nature},
  volume={548},
  number={7665},
  pages={43--51},
  year={2021},
  publisher={Nature Publishing Group}
}

