%%%%%%%%%%%%%%%%%%%%
% Please add here all your references in
% BibTeX style
% see for example: https://www.overleaf.com/blog/532-creating-and-managing-bibliographies-with-bibtex-on-overleaf
%%%%%%%%%%%%%%%%%%%%

@InProceedin{STDMA,
  author     = {Gaugel, Tristan and Mittag, Jens and Hartenstein, Hannes and Papanastasiou, Stylianos and Ström, Erik G.},
  booktitle  = {2013 IEEE Vehicular Networking Conference},
  title      = {In-depth analysis and evaluation of Self-organizing TDMA},
  year       = {2013},
  pages      = {79-86},
  comment    = {对STDMA的解释},
  doi        = {10.1109/VNC.2013.6737593},
  ranking    = {rank5},
  readstatus = {read},
}

@article{Paper_From_Supervisor,
  title={Scalable distributed model predictive control for constrained systems},
  author={Asadi, Elham Fatemeh and Richards, Arthur},
  journal={Automatica},
  volume={93},
  pages={407--414},
  year={2018},
  publisher={Elsevier}
}

@article{MAPF_Explain1,
  title={Multi-agent path finding--an overview},
  author={Stern, Roni},
  journal={Artificial Intelligence: 5th RAAI Summer School, Dolgoprudny, Russia, July 4--7, 2019, Tutorial Lectures},
  pages={96--115},
  year={2019},
  publisher={Springer}
}

@inproceedings{MAPF_Explain2,
  title={Multi-agent pathfinding: Definitions, variants, and benchmarks},
  author={Stern, Roni and Sturtevant, Nathan and Felner, Ariel and Koenig, Sven and Ma, Hang and Walker, Thayne and Li, Jiaoyang and Atzmon, Dor and Cohen, Liron and Kumar, TK and others},
  booktitle={Proceedings of the International Symposium on Combinatorial Search},
  volume={10},
  number={1},
  pages={151--158},
  year={2019}
}

@inproceedings{Warehouse_Automation1,
  title={Idle time optimization for target assignment and path finding in sortation centers},
  author={Kou, Ngai Meng and Peng, Cheng and Ma, Hang and Kumar, TK Satish and Koenig, Sven},
  booktitle={Proceedings of the AAAI Conference on Artificial Intelligence},
  volume={34},
  number={06},
  pages={9925--9932},
  year={2020}
}
@article{Warehouse_Automation2,
  title={Persistent and robust execution of MAPF schedules in warehouses},
  author={H{\"o}nig, Wolfgang and Kiesel, Scott and Tinka, Andrew and Durham, Joseph W and Ayanian, Nora},
  journal={IEEE Robotics and Automation Letters},
  volume={4},
  number={2},
  pages={1125--1131},
  year={2019},
  publisher={IEEE}
}

@article{Intersection_Management,
  title={A multiagent approach to autonomous intersection management},
  author={Dresner, Kurt and Stone, Peter},
  journal={Journal of artificial intelligence research},
  volume={31},
  pages={591--656},
  year={2008}
}

@inproceedings{Fork_Fleet1,
  title={A loosely-coupled approach for multi-robot coordination, motion planning and control},
  author={Pecora, Federico and Andreasson, Henrik and Mansouri, Masoumeh and Petkov, Vilian},
  booktitle={Proceedings of the International Conference on Automated Planning and Scheduling},
  volume={28},
  pages={485--493},
  year={2018}
}

@INPROCEEDINGS{Fork_Fleet2,
  author={Salvado, João and Krug, Robert and Mansouri, Masoumeh and Pecora, Fedorico},
  booktitle={2018 IEEE/RSJ International Conference on Intelligent Robots and Systems (IROS)}, 
  title={Motion Planning and Goal Assignment for Robot Fleets Using Trajectory Optimization}, 
  year={2018},
  volume={},
  number={},
  pages={7939-7946},
  doi={10.1109/IROS.2018.8594118}
}


@article{Flocking_1,
  title={Flocking for multi-agent dynamic systems: Algorithms and theory},
  author={Olfati-Saber, Reza},
  journal={IEEE Transactions on automatic control},
  volume={51},
  number={3},
  pages={401--420},
  year={2006},
  publisher={IEEE}
}

@inproceedings{Flocking_2,
  title={Feasibility study: Moving non-homogeneous teams in congested video game environments},
  author={Ma, Hang and Yang, Jingxing and Cohen, Liron and Kumar, TK and Koenig, Sven},
  booktitle={Proceedings of the AAAI Conference on Artificial Intelligence and Interactive Digital Entertainment},
  volume={13},
  number={1},
  pages={270--272},
  year={2017}
}

@article{Swarm_Robotics,
  title={Trajectory planning for quadrotor swarms},
  author={H{\"o}nig, Wolfgang and Preiss, James A and Kumar, TK Satish and Sukhatme, Gaurav S and Ayanian, Nora},
  journal={IEEE Transactions on Robotics},
  volume={34},
  number={4},
  pages={856--869},
  year={2018},
  publisher={IEEE}
}


@article{Industry_41,
  title={Industry 4.0},
  author={Lasi, Heiner and Fettke, Peter and Kemper, Hans-Georg and Feld, Thomas and Hoffmann, Michael},
  journal={Business \& information systems engineering},
  volume={6},
  pages={239--242},
  year={2014},
  publisher={Springer}
}

@article{Industry_42,
  title={Industry 4.0: smart scheduling},
  author={Rossit, Daniel Alejandro and Tohm{\'e}, Fernando and Frutos, Mariano},
  journal={International Journal of Production Research},
  volume={57},
  number={12},
  pages={3802--3813},
  year={2019},
  publisher={Taylor \& Francis}
}

@article{Industry_43,
  title={Automated guided vehicle systems, state-of-the-art control algorithms and techniques},
  author={De Ryck, Matthias and Versteyhe, Mark and Debrouwere, Frederik},
  journal={Journal of Manufacturing Systems},
  volume={54},
  pages={152--173},
  year={2020},
  publisher={Elsevier}
}

@INPROCEEDINGS{STDMA_2,
  author={Fernández, Zaloa and Val, Iñaki and Mendicute, Mikel and Uhlemann, Elisabeth},
  booktitle={2019 15th IEEE International Workshop on Factory Communication Systems (WFCS)}, 
  title={Analysis and Evaluation of Self-Organizing TDMA for Industrial Applications}, 
  year={2019},
  volume={},
  number={},
  pages={1-8},
  doi={10.1109/WFCS.2019.8758039}}

@article{STDMA_improv1,
  title={Distributed and adaptive reservation MAC protocol for beaconing in vehicular networks},
  author={Mosavat-Jahromi, Hamed and Li, Yue and Ni, Yuanzhi and Cai, Lin},
  journal={IEEE Transactions on Mobile Computing},
  volume={20},
  number={10},
  pages={2936--2948},
  year={2020},
  publisher={IEEE}
}

@inproceedings{STDMA_improv2,
  title={Harvest-then-transmit-based TDMA protocol with statistical channel state information for wireless powered sensor networks},
  author={Terauchi, Takeru and Suto, Katsuya and Wakaiki, Masashi},
  booktitle={2021 IEEE 93rd vehicular technology conference (VTC2021-Spring)},
  pages={1--5},
  year={2021},
  organization={IEEE}
}

@article{Robots2020,
  title={Discussion of two robots},
  author={Olivaw, Daneel  and Asimov, Isaac},
  journal={Nature},
  volume={548},
  number={7665},
  pages={43--51},
  year={2021},
  publisher={Nature Publishing Group}
}